4764 6144
1224 602 2049 757 &HAL-ARIDIS
2166 667 2958 797 Ems‘roLAe.
3360 786 3372 795 ,
3417 710 3579 777 201

1168 876 1503 961 val.
1606 876 3000 975 MELITENSIBVS.

621 1080 983 1319 Non
1028 1096 1271 1213 quod
1336 1094 1788 1217 despiciam
1826 1162 1855 1207 ,
1923 1100 2416 1192 Melitenses
2436 1170 2467 1214 ‚
2527 1130 2680 1218 ea,
2750 1112 3066 1229 quibus
3122 1137 3259 1202 me
3307 1113 3585 1228 hono,-

861 1216 1146 1345 rastis',
1194 1263 1355 1355 per
1398 1241 1781 1357 legatum
1829 1236 2273 1360 obsignata
2326 1242 2641 1335 remifi:
2719 1248 2866 1339 sed
2914 1277 3096 1342 non
3134 1248 3421 1341 finunt
3449 1276 3598 1343 me·

616 1366 996 1479 laudari,
1042 1394 1269 1489 quae
1295 1369 1536 1461 fenita
1562 1373 1783 1464 sunt.
1860 1380 2000 1466 Ac
2029 1404 2193 1503 vos
2243 1378 2639 1487 fortasse,
2699 1388 3040 1503 qualem
3073 1382 3228 1501 ipfi
3262 1410 3398 1473 me
3425 1388 3588 1494 effe

614 1504 897 1593 videri
941 1509 1253 1617 vultis,
1303 1512 1556 1595 talem
1624 1512 1957 1627 putatis
2018 1512 2315 1603 haberi
2366 1516 2474 1602 ab
2526 1516 2707 1604 >aliis
2761 1519 3041 1606 etiam.
3129 1523 3316 1635 Ego
3370 1544 3588 1611 vero

616 1634 789 1727 scio
810 1704 837 1748 ,
864 1665 1001 1727 me
1047 1643 1150 1727 ab
1182 1643 1363 1728 aliis
1403 1645 1797 1737 omnibus
1850 1650 2165 1738 malum
2205 1651 2550 1755 haberi,
2578 1677 2628 1739 a
2677 1654 2924 1763 vobis
2958 1636 3252 1742 autem
3287 1655 3586 1743 etiamss

614 1768 681 1862 fi
720 1774 1068 1865 censear
1136 1778 1303 1867 effe
1366 1782 1650 1871 bonus
1686 1847 1713 1888 ‚
1767 1786 2108 1876 minime
2168 1788 2632 1875 extendere
2696 1790 2927 1902 pofl'e
2979 1792 3177 1877 inde
3223 1792 3332 1875 ad
3377 1792 3584 1882 alios

612 1904 965 2015 famam3
1013 1906 1157 1996 sed
1210 1914 1494 1998 multo
1548 1917 1810 2029 magis
1886 1920 1995 2001 ad
2048 1918 2294 2003 falsas
2356 1924 2796 2009 hominum
2836 1922 3292 2033 opiniones
3345 1924 3588 2011 noci-
3703 1928 3732 1956 ‘

613 2054 914 2133 turum
1006 2045 1255 2131 vobis
1294 2110 1323 2152 ,
1425 2050 1669 2161 quod
1766 2050 2198 2163 peffimum
2277 2051 2529 2143 istum
2562 2120 2590 2162 ‚
2647 2050 2803 2145 nifi
2905 2054 3178 2142 effetis
3317 2061 3528 2147 tales
3559 2122 3586 2166 ,

614 2200 799 2267 non
865 2184 1353 2269 laudaretis.
1466 2190 2092 2303 Quapropter‘,
2172 2194 2414 2305 quod
2488 2190 2650 2279 vos'
2719 2188 3027 2281 iniuste
3093 2187 3335 2292 mali,
3421 2214 3590 2307 ego

615 2344 837 2408 vero
900 2321 1167 2409 nihilo
1255 2322 1614 2437 aequior
1692 2322 2058 2415 haberer
2090 2386 2125 2431 ,
2218 2349 2401 2417 non
2487 2326 2808 2443 putaui
2833 2387 2864 2431 ‚
2951 2348 3090 2418 me
3173 2340 3588 2440 oportere

614 2460 1047 2553 honorari.
1400 2495 1407 2501 ·
3564 2475 3572 2484 “

1094 2734 1485 2825 va11.
1642 2741 3121 2831 CLISTHENI.

862 2982 1028 3069 on,
1070 2960 1315 3078 quod
1367 2962 1657 3049 multis
1718 2963 1809 3051 in
1870 2978 2113 3055 more
2189 2962 2313 3055 est
2338 3032 2367 3076 ,
2425 2976 2701 3081 'quum
2743 2962 2836 3049 in
2891 2960 3178 3049 verbis
3223 2958 3584 3052 frustra-
3658 3078 3661 3081 Ι

864 3106 980 3215 ti,
1042 3131 1334 3196 rerum
1386 3105 1631 3196 exitu
1724 3105 2069 3196 laudem
2130 3095 2297 3196 fint
2362 3097 2804 3206 consecuti
2817 3165 2850 3209 ,
2903 3099 3337 3217 sedtum,
3381 3107 3584 3211 scri-

2018 3249 2090 3330 C
2122 3269 2174 3330 c
3436 3250 3589 3336 be-

626 3523 991 3596 Dodwellus
1012 3571 1033 3599 ,
1086 3521 1167 3588 de
1208 3517 1395 3606 Cycl.
1439 3519 1525 3591 V.
1580 3537 1646 3601 p.
1688 3508 1839 3602 253¹.
1876 3517 2059 3586 <iusto
2142 3533 2261 3600 que
2305 3518 2476 3588 enim
2528 3530 2656 3589 tam
2705 3523 2892 3592 alium
2972 3523 3264 3623 cogitauit
3332 3523 3587 3625 noster,

622 3609 769 3680 inde
806 3631 869 3676 ar
910 3621 1195 3685 umente,
1234 3623 1361 3686 quo
1418 3601 1742 3671 confirmet
1766 3621 1874 3684 ea,
1907 3614 2059 3682 quae
2141 3620 2325 3680 quam
2377 3605 2453 3668 ab
2506 3603 2902 3672 Atheniensis
2938 3609 3118 3672 illius·
3139 3610 3584 3693 popularitate,

630 3694 713 3758 de
751 3691 879 3757 Pha
902 3689 1079 3754 aridis
1120 3687 1445 3770 disputauit
1478 3701 1697 3754 aetate.
1784 3683 2060 3762 Herodo-
2140 3685 2205 3750 δε
2258 3685 2452 3750 exilio
2483 3733 2509 3768 ‚
2561 3683 2772 3761 -sumto
2823 3706 3179 3776 argumento
3205 3733 3228 3766 ,
3283 3690 3377 3754 his
3433 3700 3578 3758 eum

624 3791 766 3841 tum
850 3774 1080 3838 obiecit
1144 3771 1468 3838 Bentlet‘us
1498 3815 1523 3852 ,
1590 3765 1781 3850 Resp.
1835 3767 1913 3834 ad
1965 3765 2059 3857 ‚C-
2138 3767 2417 3848 depinxit
2491 3769 2828 3850 polluitque
2848 3852 2864 3867 ·
2895 3774 3036 3837 artis
3109 3771 3452 3868 coloribuq‚
3504 3786 3578 3840 vt

624 3857 822 3938 Boyl.
899 3873 962 3933 p.
1024 3871 1127 3934 50.
1196 3854 1261 3918 ec
1312 3873 1416 3936 51.
1474 3851 1859 3932 ostenditque
1877 3896 1902 3933 ‚
1943 3857 2055 3932 ea,
2140 3870 2303 3930 non,
2346 3849 2451 3930 qui
2487 3871 2554 3916 re
2595 3871 2741 3920 vera
2776 3853 2938 3932 fuit,
2979 3851 3298 3937 Aganstae
3335 3852 3578 3937 filium,

714 3959 785 4005 ae
808 3937 887 4001 de
912 3935 1165 4002 homine
1210 3933 1315 3998 suo
1340 3953 1481 4000 cum
1502 3935 1650 4008 hac,
1692 3950 1825 3998 tum
1852 3933 2057 4014 proxi·
2138 3931 2634 4000 Pisistratidar-um
2682 3931 3062 4016 expulsorem
3087 3981 3116 4020 2
3162 3951 3280 4001 cet.
3316 3937 3580 4003 habere-

628 3960 751 4092 ςιιὲἰε
787 4019 1095 4104 epistolis,
1136 4036 1358 4086 utvm.
1391 4016 1456 4082 δι
1493 4007 1663 4085 'Lm-
1688 4013 1906 4114 ‘scribi-t
1944 4035 2060 4080 no-
2138 4035 2304 4100 inus»,
2358 4012 2462 4080 sed
2480 4035 2729 4116 „quem
2758 4015 2995 4118 ‘videri’
3023 4018 3223 4087 voluit
3257 4015 3579 4121 sophista..

624 4108 783 4183 ster,
798 4095 2063 4256 flffugocffssffgmcffffiffifg„fssmcjffigg:
2137 4113 2466 4248 ffimque
2518 4099 2836 4182 iudicauit,
2896 4119 2999 4182 qul
3041 4100 3118 4168 ad
3153 4105 3578 4183 popularitatis

630 4211 777 4257 nem
870 4209 909 4252 u
1244 4255 1256 4264 ‚
1668 4249 1677 4256 ,
1811 4229 1837 4264 ‚

626 4291 751 4352 que
782 4273 968 4334 alium
1006 4266 1165 4350 effe,
1202 4285 1385 4348 atque
1446 4279 1621 4346 eum,
1663 4285 1845 4346 quem
1886 4281 2072 4332 vetus
2140 4265 2285 4330 dum
2330 4266 2397 4330 in
2441 4271 2792 4350 exemplum
2827 4289 2865 4332 a
2897 4267 3211 4334 Phalaride
3265 4287 3576 4352 propones

628 4353 977 4422 nobilitauit
1014 4350 1279 4419 historia.
1366 4349 1531 4416 Huic
1570 4349 1777 4416 denuo
1813 4343 2065 4426 respon·-
2141 4363 2324 4414 retur.
2364 4411 2371 4419 .
2411 4349 2602 4448 Quod
2633 4351 2834 4428 itaque
2874 4349 3058 4432 alias,
3097 4351 3260 4418 idem
3303 4353 3367 4418 in
3402 4352 3576 4425 hisce

630 4430 726 4504 dit
768 4431 1131 4500 Dodwellus
1213 4429 1471 4500 Excerc.
1504 4432 1556 4500 L
1596 4433 1675 4500 de
1712 4436 1863 4500 Aet.
1888 4433 2061 4502 Phal.
2144 4433 2331 4498 tribus
2363 4431 2637 4513 epistolis
2685 4432 2882 4498 tenuit
2917 4429 3258 4502 institutum
3285 4446 3308 4519 '‚
3354 4453 3457 4518 vt,
3493 4454 3573 4510 ex

623 4514 701 4606 'p.
744 4537 849 4598 7²·
887 4530 1007 4580 cet.
1062 4483 1173 4578 sed
1222 4517 1341 4596 ita,
1398 4531 1466 4583 vt
1507 4533 1793 4598 appareat
1813 4565 1837 4598 ,
1878 4517 2061 4585 etiam
2142 4513 2392 4580 historia
2419 4513 2623 4582 sumto
2651 4509 2777 4580 hoc
2810 4514 3000 4582 illoue
3023 4515 3183 4586 fasto
3220 4517 3526 4600 illustriori
3541 4566 3574 4604 ,

634 4602 1021 4670 minimarum
1068 4592 1474 4675 suspicionum
1504 4601 1761 4666 latebras
1792 4600 2060 4666 maluisse
2143 4599 2370 4676 reliqua
2420 4595 2496 4661 ad
2540 4597 2850 4664 arbitrium
2896 4597 3156 4666 confieta
3196 4599 3437 4668 adderet
3485 4601 3572 4667 de

624 4681 837 4756 ‘virum
871 4677 1269 4746 dofflffimum
1304 4698 1449 4759 peta
1580 4699 1615 4744 e
1660 4679 2023 4762 disputando
2140 4677 2271 4746 suo.
2327 4669 2518 4748 cuius
2550 4682 2786 4769 generis
2822 4685 3169 4768 exemplum
3191 4682 3571 4756 clarissimum

635 4785 817 4850 quam
848 4767 1124 4852 'ingenue
1175 4759 1400 4828 vic'tum
1479 4783 1512 4826 e
1568 4763 1869 4830 confiteri.
1953 4730 2061 4833 Ad
2138 4763 2265 4846 yid.
2301 4761 2506 4846 supra,
2543 4785 2641 4846 ep.
2687 4781 2790 4832 xv.
3140 4841 3148 4851 ,

622 4850 738 4917 'me
776 4848 939 4932 quod
971 4847 1212 4920 attinet3
1258 4829 1366 4924 etss
1406 4864 1442 4910 a
1478 4844 1791 4912 Dodwelli
1825 4847 2060 4914 senten-
2214 4865 2331 4946 013.
2352 4843 2567 4947 ‘Osi-ow
2628 4853 2728 4948 ἐπὶ
2775 4855 2880 4920 τοῦ
2943 4853 3125 4930 λόγου
3179 4849 3570 4936 βλαβέντες]

630 4935 721 5000 tia
795 4951 975 5012 quam
1001 4931 1105 5014 qui
1124 4928 1425 5008 maxime,
1466 4931 1695 4996 alienus
1721 4928 1889 5016 sum,
1931 4951 2059 5000 non
2142 4923 2401 4996 'Videbis
2435 4951 2502 4997 in
2547 4931 2802 5014 epistola
2845 4951 3081 4998 Lxxvn.
3111 4929 3407 5016 (vam.)
3439 4953 3568 5016 quo

628 4983 894 5104 pm'nino
938 5032 1143 5086 tamen
1196 5011 1479 5086 astentior
1542 5005 1843 5090 Bentln'o.
1926 5014 2065 5125 ,Νε-
2144 5030 2460 5122 ροηῑεωω
2497 5015 2829 5096 Phalaridis
2871 5007 3189 5128 confilium
3215 5013 3569 5168 Clii'tliergea

2277 4181 2404 4248 ium
2455 4182 2522 4248 in
2578 4183 2795 4250 animis
2839 4182 3162 4252 homiuum
3217 4187 3576 4273 extinguen·
3687 4257 3690 4262 ,
