4764 6144
1279 724 2131 818 PHALAnrms-
2189 680 2931 849 nus-roure„
3312 796 3319 801 ·
3424 724 3544 856 29'

581 942 772 1031 tns;
821 912 1320 1012 coniectura
1375 915 1611 1009 facta
1645 946 1846 1011 cum
1895 947 2002 1011 ex
2051 928 2403 1051 reliquis
2430 912 2831 1025 'omnibus
2854 1000 2881 1042 ‚
2928 924 3116 1027 tum
3148 934 3535 1055 inprimis
3642 912 3651 919 ’

577 1094 764 1161 mea
825 1064 1076 1155 causa
1113 1131 1140 1173 ,
1211 1059 1455 1177 quod
1493 1124 1521 1166 ,
1586 1057 1752 1193 hac
1823 1055 2166 1143 ratione
2238 1076 2344 1148 vt
2394 1072 2853 1177 puniretur
2888 1143 2914 1184 ,
2979 1106 3143 1195 par
3190 1084 3349 1171 effe
3400 1086 3536 1173 vi-

575 1205 978 1290 deretur:
1043 1186 1363 1285 etiamfi
1403 1216 1570 1304 pro
1607 1216 1744 1277 me
1775 1186 2288 1304 supplicium
2327 1194 2552 1284 istud
2600 1204 2933 1297 inuenit
2970 1214 3059 1297 in
3104 1198 3533 1306 insidiato·

575 1366 713 1429 res
824 1339 1433 1457 grauiflimum:
1517 1321 1829 1419 'tamen
1930 1350 2206 1415 meam
2295 1328 2836 1423 securitatem
2875 1405 2901 1443 ‚
3008 1342 3202 1431 cum
3302 1346 3479 1433 eius
3502 1404 3532 1449 ,

571 1471 811 1595 quod
846 1483 1162 1559 natura
1200 1462 1514 1559 iustum
1545 1458 1666 1548 est
1691 1462 1992 1567 ,iudex
2031 1456 2180 1547 fim
2215 1457 2555 1566 factus,
2575 1462 2807 1553 omisi
2827 1532 2852 1571 ,
2882 1492 2981 1553 ac
3000 1467 3533 1589 fimpliciter,
3664 1514 3674 1523 ·

571 1608 819 1721 quod
875 1606 1082 1693 effet
1137 1596 1296 1719 per
1335 1601 1422 1687 se
1477 1600 1791 1691 iustum
1813 1666 1841 1707 ,
1895 1603 2326 1715 reputaui.
2436 1608 2555 1687 Et
2616 1594 3117 1718 quanquam
3141 1670 3167 1711 ,
3214 1612 3535 1697 diriora

565 1746 838 1851 inulta
887 1742 1048 1829 effe
1087 1736 1148 1829 fi
1175 1738 1578 1849 finerem,
1641 1742 1730 1829 id
1773 1742 2020 1849 mihi,
2069 1766 2487 1832 noueram
2522 1808 2549 1849 ,
2607 1732 3177 1857 profuturum
3204 1808 3235 1846 ,
3286 1749 3425 1855 δι,
3458 1744 3526 1837 fi

565 1879 982 1991 opinione
1013 1879 1310 1967 mitior
1337 1862 1728 1981 viderer,
1769 1880 2036 1993 inagis
2063 1904 2200 1967 me
2241 1879 2615 1995 petitum
2662 1879 2768 1967 iri
2796 1875 3103 1968 insidiis
3126 1944 3153 1985 ,
3218 1904 3529 1997 meque

563 2018 946 2107 omnium
1035 2020 1353 2106 animos
1449 2042 1502 2103 a
1569 2040 1711 2105 me
1811 2017 2497 2105 abalienatumm
2578 2014 2795 2101 illius
2868 2011 3286 2129 supplicio
3321 2079 3348 2121 ,
3426 2042 3529 2103 ac

563 2160 998 2273 praestare
1047 2156 1394 2247 fortaffe
1417 2220 1444 2261 ,
1489 2152 1586 2239 vi
1628 2151 1766 2238 vti
1807 2160 2180 2263 propter
2231 2151 2845 2262 neceffitatem,
2900 2182 3165 2272 quam
3196 2152 3532 2245 infidia-

564 2300 804 2375 tores
855 2290 1354 2401 imponunt:
1415 2282 1683 2369 nihilo
1739 2281 2016 2367 minus
2065 2292 2351 2369 tamen
2389 2284 2701 2376 horum
2750 2288 3127 2375 omnium
3162 2311 3481 2401 gnarus
3502 2350 3531 2394 ,

562 2450 728 2515 nec
769 2424 1298 2541 posteritatis
1349 2417 1864 2537 praeconiO,
1883 2414 2061 2502 vllo
2087 2405 2743 2537 mod0,indigus
2763 2483 2795 2521 ,
2844 2420 3237 2534 iniquum
3282 2420 3527 2524 duxi,

561 2550 1036 2663 hominem,
1063 2553 1220 2669 qui
1261 2542 1748 2639 hominibus
1799 2544 1994 2635 talis
2022 2546 2322 2633 mortis
2363 2544 2681 2638 audior
2708 2552 2915 2639 effet
2942 2616 2969 2657 ,
3008 2552 3527 2663 impunitum

551 2689 900 2775 dimitti.
1011 2686 1441 2796 Quocirca
1509 2683 1600 2767 in
1686 2680 2001 2795 quibus
2073 2680 2332 2789 alios,
2375 2685 2533 2797 qui
2591 2690 2821 2775 nulla
2882 2685 3155 2798 ipsum
3222 2688 3526 2773 iniuria
3648 2734 3655 2741 ·

483 2814 490 2821 ’
561 2826 1026 2911 affecerant
1062 2885 1089 2926 ,
1150 2815 1666 2931 properauit
1699 2876 1730 2917 ‚
1797 2810 2204 2899 machinis
2271 2816 2779 2895 comburere
2805 2873 2833 2915 ,
2886 2817 2987 2895 iis
3032 2816 3223 2897 iure
3258 2836 3307 2896 a
3362 2836 3524 2900 no-

553 2950 726 3057 bis,
771 2949 928 3035 tali
958 2938 1382 3029 beneficio
1436 2936 1764 3027 ornatis
1807 2997 1838 3038 ‚
1900 2928 2272 3019 inclusus
2321 2928 2464 3023 est.
2574 2938 2843 3023 Forte
2906 2934 3288 3026 vestrum
3372 2944 3521 3026 ali·

553 3079 752 3206 quis
769 3144 795 3184 ,
842 3064 1404 3160 Athenienses
1445 3129 1470 3170 ‚
1539 3087 1737 3150 cum
1791 3085 1976 3146 rem
2039 3063 2266 3148 hanc
2332 3061 2799 3151 mirabilem
2851 3066 3157 3157 audiat
3177 3133 3207 3172 ,
3280 3070 3520 3184 quafi

557 3203 912 3310 debeat,
957 3220 1192 3321 quae
1235 3197 1326 3288 in
1368 3196 1572 3286 alios
1618 3183 2154 3410 excogitguit
2177 3187 2594 3310 supplicia
2618 3257 2657 3300 ,
2698 3193 2877 3313 ipse
2908 3195 3189 3292 subire
3214 3199 3519 3292 inuen-

2103 3349 2159 3438 3
3324 3354 3518 3450 tor,

555 3613 704 3677 bum
737 3629 772 3676 a
811 3615 894 3678 ud
925 3627 1164 3680 veteres
1251 3612 1356 3680 vbi
1396 3609 1472 3676 de
1495 3607 1826 3698 praefidiis
1879 3605 2000 3673 ser-
2079 3625 2219 3676 cum
2244 3605 2448 3674 ederet
2474 3605 2639 3684 ὅλας.
2682 3608 3009 3693 Almam,
3030 3611 3194 3690 ὅλαις
3211 3660 3237 3693 ,
3260 3613 3543 3696 respon„

555 3711 666 3758 mo
703 3714 737 3756 e
895 3694 1046 3762 Inde
1075 3658 1290 3778 postea
1331 3696 1396 3760 in
1443 3693 1773 3778 custodiam
1811 3707 2002 3756 trans-
2077 3691 2183 3756 det
2257 3691 2640 3758 antecedenti
2692 3697 3002 3778 Ε’ριννύσιν
3039 3701 3395 3780 ὀφείλεσθαι·
3440 3713 3511 3765 vt

555 3777 766 3842 latum.
849 3777 1100 3846 Heliod.
1127 3781 1172 3845 1.
1215 3775 1370 3859 1‚,p.
1416 3797 1516 3859 37.
1569 3781 1684 3846 Kal
1716 3779 1816 3845 τὸν
1851 3777 1998 3854 Km'-
2077 3776 2260 3856 plena
2305 3777 2505 3840 oratio
2568 3775 2720 3840 haec
2768 3777 2885 3843 fit:
2966 3785 3201 3858 μᾶλλον
3260 3783 3319 3846 δὲ
3379 3785 3507 3852 ὀὐδὲ

557 3883 729 3940 paam
787 3861 863 3932 ὥς
907 3865 1083 3928 αὑτὸν
1134 3865 1554 3942 μετεπέμπετο
1577 3909 1598 3934 ,
1664 3861 1839 3940 ἄγειν
1890 3861 1990 3928 καὶ
2074 3861 2399 3940 ἐξαρκέσειν
2436 3857 2600 3932 ὅλαις
2640 3861 2905 3940 ἕριννὺσιν
2934 3863 3290 3942 ὀφείλεσθαι.
3324 3863 3507 3934 O’Me

556 3943 692 4012 τοὺς
771 3945 1158 4021 ρουρουμένους
1187 3946 1604 4020 ἐντειλάμενος.
1650 3943 1724 4004 ab'
1747 3939 1991 4019 eodem,
2075 3943 2308 4023 ἐριννύες
2347 3940 2628 4004 dicuntur
2646 3981 2673 4016 ‚
2724 3955 2791 4001 vt
2832 3940 2963 4010 ὅλαι
3002 3943 3247 4024 χώρη-ες
3288 3945 3364 4009 ab
3394 3945 3510 4014 Al..

557 4019 602 4086 Ῑ.
635 4021 700 4084 V
793 4068 812 4084 .
857 4039 921 4100 p.
965 4027 1114 4102 382.
1158 4021 1482 4106 iunguntur
1514 4025 1846 4100 δεσμεῖσθοιι
1886 4025 1988 4088 καὶ
2074 4021 2346 4104 ctpbron.
2396 4021 2439 4086 l.
2483 4015 2537 4084 Ι.
2566 4037 2665 4100 ep.
2702 4038 2963 4088 mvln.
3000 4023 3287 4093 Α’ποιντοο
3319 4031 3507 4108 ἐκείνη

552 4107 914 4252 ἳέοέρεῖσθοιι
963 4107 1044 4178 εἷο
1092 4105 1199 4180 τὴν
1241 4107 1442 4184 κρίσιν.
1525 4101 1716 4180 Apud
1753 4100 1986 4166 Iulian.
2071 4127 2149 4181 ys
2217 4105 2317 4170 τὸν
2373 4103 2578 4168 κεστὸν
2658 4105 2995 4188 §regi-Semo
3014 4155 3037 4182 .
3120 4106 3287 4184 ὅλαις
3366 4123 3503 4188 ταῖς

701 4233 720 4252 .
743 4187 814 4252 P.
843 4185 929 4272 Q.
957 4185 1114 4252 Ath.
1138 4202 1200 4266 p.
1237 4203 1381 4266 273.
1404 4183 1491 4249 A.
1517 4185 1672 4264 Ε’μέ
1704 4186 1765 4250 δὲ
1785 4187 1988 4268 ἐφῆκε
2069 4186 2278 4264 Χάρισι
2312 4186 2419 4259 τὴν
2462 4183 2812 4268 Α’φροδίτην
2865 4191 3277 4270 δεξιωσαμένη.
3322 4191 3503 4260 Nao-

551 4270 730 4348 μδγις
759 4318 778 4342 ,
831 4271 992 4344 ἑπτὰ
1049 4277 1240 4350 μηνῶν
1277 4345 1290 4358 ,
1305 4269 1449 4338 ὅλων
1522 4269 1778 4340 ἑλκύσας
1846 4269 1986 4348 τῇδε
2063 4287 2294 4355 george
2335 4283 2543 4332 autem
2576 4265 2907 4348 displicuit,
2952 4271 3117 4348 quod
3160 4271 3499 4358 subiicitur,

2065 4363 2141 4436 τῇ
2179 4357 2364 4420 αὐτοῦ
2412 4355 2528 4434 μίφ
2576 4359 2783 4431 ψυχῆς
2838 4353 3164 4432 maluitque
3211 4357 3263 4422 is
3314 4363 3502 4440 ἐμαυ-

2065 4437 2188 4502 τοῦ.
2277 4433 2344 4499 Si
2398 4430 2539 4512 quid
2594 4429 2941 4498 mutandum
2962 4482 2988 4513 ‚
3042 4433 3219 4504 scribi
3271 4444 3497 4520 poterit

2065 4521 2283 4586 moa-03:
2325 4513 2429 4578 sed
2465 4529 2795 4600 repugnant
2830 4515 3074 4584 codices
3100 4540 3351 4588 omnes..
3380 4544 3495 4588 no-

2059 4613 2121 4662 ta
2169 4595 2483 4680 permistio
2532 4593 2769 4660 horum·
2804 4604 3241 4678 pronominum
3294 4607 3358 4669 in
3416 4609 3489 4670 li-

2059 4681 2182 4746 bris
2234 4675 2505 4748 vetustis.
2586 4675 2769 4775 Fsorte
2791 4727 2815 4760 ,
2872 4701 3054 4761 quum
3088 4685 3243 4750 haec
3274 4685 3495 4750 scribe-

2061 4781 2155 4828 ret
2197 4764 2436 4840 austor,
2495 4763 2781 4845 c0g1tauit
2836 4767 3259 4832 antecedentia
3278 4813 3303 4844 ‚
3367 4776 3489 4844 Ωζς

2060 4851 2109 4914 εἰ
2155 4849 2260 4914 δέοι
2313 4845 2529 4914 τούτοις
2572 4848 2747 4912 αὐτὸν
2764 4893 2786 4924 ‚
2828 4873 2885 4914 κ.
2933 4875 2991 4916 τ.
3021 4868 3082 4916 λ.
3128 4849 3249 4914 Sed
3270 4849 3483 4920 durum

2063 4928 2242 4994 valde
2282 4925 2433 4990 hoc:
2476 4923 2539 4989 δε
2582 4925 2835 5002 praestat
2869 4928 3027 4994 haud
3054 4930 3235 4996 dubie
3260 4937 3439 5002 αὖά-οῦ
3460 4983 3489 5016 ,

2061 5010 2160 5074 vel
2208 5007 2506 5098 Naogeor
2553 5011 2579 5071 ἰ
2617 5015 2910 5092 {muz-033
2962 5013 3123 5094 quod
3159 5015 3225 5084 in
3254 5015 3484 5084 Latino

2057 5095 2344 5178 exemplo
2381 5091 2488 5162 red
2532 5092 2635 5158 idi.
2726 5089 2745 5112 ⁴
2960 5106 2968 5114 ·
3430 5109 3447 5117 ·

553 4357 826 4433 κᾴκεῒὰε,
867 4354 967 4417 καὶ
1023 4353 1408 4434 ποιησάμενος
1481 4353 1840 4436 ἐμφρούρων·
1897 4351 1985 4413 le·

551 4431 822 4518 gendum
856 4434 1186 4514 ἔμφρουρον.

634 4515 744 4578 68.
785 4518 908 4588 Ω.“ς
941 4517 990 4580 εἰ
1017 4515 1070 4580 δ.
1112 4541 1171 4580 τ.
1209 4519 1388 4585 αὑτὸν
1431 4525 1550 4592 τοῖς
1585 4515 1858 4598 ὀλέθροις,
1899 4511 1980 4590 οἷς

547 4597 1326 4682 &emes—mmmm
1349 4599 1454 4664 An
1493 4599 1538 4664 l.
1576 4597 1639 4664 &
1663 4596 1860 4684 Lugd.
1885 4595 1976 4662 A.

552 4687 662 4751 ss‘.
683 4683 798 4747 AB.
813 4705 871 4744 τ.
889 4676 1190 4765 αὑτὸνιρῖς
1210 4683 1442 4760 ὀλέθροις
1485 4682 1754 4756 πενὸησε,
1769 4705 1825 4748 κ.
1841 4705 1900 4746 τ.
1915 4696 1980 4746 λ.
2021 4746 2024 4759 ,

554 4761 720 4842 quod
748 4760 908 4826 forte
946 4761 1255 4825 nonnullis
1297 4779 1424 4824 non
1473 4763 1731 4824 omnino
1777 4757 1982 4840 displi-

553 4845 770 4922 cebit.
790 4843 946 4908 mihi
979 4843 1182 4906 durius
1213 4840 1438 4908 dietum
1473 4841 1744 4906 videtur:
1799 4860 1980 4922 quare

553 4927 850 5013 vulgatam
890 4924 1234 5006 scripturam
1263 4926 1504 4989 retinui.

639 5029 743 5089 70.
782 5011 856 5076 E?
893 5011 1148 5092 οιρκέσειν
1187 5007 1350 5076 ὅλοιιο
1433 5009 1537 5074 Sic
1558 5007 1696 5072 libri
1720 5025 1976 5087 omne8‚

1371 5108 1492 5159 tate
1524 5091 1670 5160 abiit
1689 5090 1976 5180 Boyleus,

554 5111 592 5158 a
615 5089 840 5178 quibus·
943 5085 978 5158 i:
1004 5093 1128 5162 vua
1151 5111 1232 5159 ne
