4764 6144
1188 694 2026 793 P-HALARIDIS
2130 661 2915 791 EnisToLAE.
3428 791 3437 798 ,
3474 731 3541 816 9

579 887 1078 988 valitudinis
1127 885 1376 978 causa
1412 886 1536 976 est
1562 953 1590 997 ‚
1638 913 1818 978 non
1848 885 2409 992 virium3nis1
2446 895 2635 1010 quis
2672 893 3107 990 sacrorum
3142 895 3541 993 certami-

575 1048 786 1115 num
829 1021 1047 1115 caus
1029 1050 1082 1114 a
1111 1025 1442 1114 labores
1477 1021 1867 1139 perferat
1901 1053 1922 1112 :
1995 1023 2278 1114 animo
2298 1039 2587 1115 autem
2616 1031 3005 1122 omnibus
3032 1032 3307 1124 modis
3332 1056 3539 1149 pro-

577 1159 879 1250 uidere
925 1184 1166 1267 eum,
1213 1171 1572 1272 oportet
1597 1221 1627 1263 ,
1689 1157 1848 1276 qui
1905 1180 2170 1273 quam
2235 1153 3058 1254 honorificentissime
3106 1165 3199 1254 in
3272 1163 3545 1256 libera

503 1325 506 1332 ·
579 1291 1022 1404 republica
1081 1287 1480 1381 victurus
1515 1285 1644 1376 fit.
1721 1283 1898 1378 Nisi
1939 1288 2287 1378 fortaffe
2327 1302 2431 1375 tu
2474 1287 2564 1373 id
2586 1351 2614 1394 ‚
2665 1297 2907 1404 quod
2956 1297 3307 1410 quidam
3334 1319 3543 1412 pro-

577 1422 802 1511 dunt
833 1491 861 1532 ‚
936 1424 1460 1544 tyrannidis
1518 1423 1981 1524 imitandae
2047 1421 2328 1512 studio
2363 1421 2615 1510 latus
2668 1417 2773 1510 fis
2820 1491 2847 1532 ,
2930 1443 3248 1544 vtpote
3326 1428 3538 1542 legi-
3592 1491 3599 1504 .

575 1555 738 1643 bus
783 1557 944 1644 tibi
984 1558 1330 1644 debitae
1367 1623 1396 1666 ,
1459 1581 1563 1644 ac
1625 1571 2096 1670 propterea
2141 1555 2542 1668 corporis
2600 1558 2829 1645 vires
2903 1583 3303 1649 exerceas
3329 1625 3357 1669 ,
3430 1559 3547 1648 ad

578 1689 840 1778 talem
913 1691 1501 1804 principatum
1577 1687 2146 1786 obtinendum
2207 1689 2439 1775 vires
2500 1691 2659 1778 tibi
2705 1693 3175 1780 conuenire
3199 1754 3227 1799 ,
3276 1707 3541 1782 ratuS.

582 1821 844 1928 Quod
872 1815 934 1908 fi
951 1818 1196 1910 recte
1229 1822 1498 1937 sapias
1521 1885 1550 1928 ‚
1597 1821 1706 1907 ab
1747 1843 1898 1928 eo,
1945 1845 2250 1937 quem,
2294 1843 2475 1922 non
2523 1823 3151 1930 voluntariam,
3189 1819 3334 1910 sed
3392 1847 3546 1912 ne-

580 1947 1010 2040 ceffariam
1050 1953 1292 2044 istam
1319 1953 1678 2042 viuendi
1709 1941 2130 2041 rationem
2158 1947 2555 2042 secutum
2573 2016 2601 2060 ,
2650 1953 3193 2068 principatus
3244 1954 3547 2066 poeni-

583 2091 716 2168 tet
745 2145 774 2188 ‚
820 2077 1259 2174 confilium
1300 2109 1545 2201 cape.
1651 2085 1873 2172 Nam
1901 2147 1930 2190 ‚
1974 2082 2134 2202 qui
2179 2095 2654 2202 Vtrumque
2703 2097 3116 2200 expertus
3164 2083 3287 2172 est
3316 2149 3344 2192 ‚
3388 2099 3548 2200 ty-

580 2231 857 2301 ranno
893 2209 1325 2304 subiectus
1359 2281 1389 2323 ,
1447 2237 1711 2333 quam
1760 2213 1926 2301 effe
1981 2207 2417 2328 tyrannus
2446 2279 2475 2322 ‚
2536 2215 2845 2304 mallet.
2957 2215 3107 2302 Ille
3138 2228 3375 2304 certe
3432 2217 3547 2302 ab

580 2343 763 2430 aliis
803 2345 1036 2433 malis
1069 2345 1326 2453 liber,
1375 2347 1490 2432 ab
1523 2369 1722 2433 vno.
1763 2345 2076 2434 metuit
2102 2409 2130 2452 ,
2192 2357 2627 2461 tyranno:
2708 2359 3147 2461 tyrannus
3194 2369 3413 2434 vero
3453 2347 3545 2433 &

579 2473 692 2558 ab
729 2477 1105 2564 externis
1166 2471 1801 2568 insidiatoribus
1830 2539 1856 2582 ,
1941 2475 2030 2562 &
2053 2538 2079 2582 ,
2135 2499 2298 2591 per
2376 2499 2598 2593 quos
2661 2473 3073 2567 seruatur.
3192 2478 3278 2565 N
3278 2477 3547 2566 ecefl'e

576 2605 804 2692 enim
846 2609 1151 2716 habet,
1199 2610 1288 2698 in
1351 2629 1668 2723 magno
1735 2619 1978 2696 metu
2041 2605 2132 2692 δε
2190 2603 2577 2714 miseriiS‚
2623 2609 3098 2723 praecipue
3145 2631 3197 2695 a
3259 2608 3544 2700 custo-

577 2735 830 2824 dibus
889 2731 1038 2824 fibi
1076 2753 1412 2826 caueat.
1525 2737 1818 2846 Quare
1841 2801 1866 2842 ,
1906 2737 1996 2844 in
2031 2738 2467 2830 meliorem
2518 2753 2856 2851 partem
2910 2752 3275 2848 accepta
3335 2764 3545 2824 con-

579 2863 930 2950 sulentis
995 2872 1268 2977 patris
1337 2867 1944 2954 beneuolentia
1977 2927 2004 2964 ,
2070 2865 2210 2946 fac
2233 2923 2262 2964 ,
2341 2867 2739 2946 omnibus
2804 2883 2967 2972 par
3030 2857 3196 2948 fis:
3270 2863 3545 2954 domi-

575 2995 816 3080 nium
871 3008 1160 3081 autem
1186 3056 1213 3098 ‚
1278 2994 1700 3079 continuo
1775 3003 2015 3077 metu
2089 2988 2179 3075 &
2248 2983 2596 3077 infinitis
2658 2991 3071 3105 periculis·
3136 2995 3485 3108 plenum
3512 3059 3543 3106 ,

577 3123 960 3215 hostibus
1007 3122 1098 3210 &
1143 3118 1514 3211 hostium
1557 3116 1748 3207 filiis
1779 3116 2194 3237 relinque.
2306 3122 2571 3230 Quod
2621 3115 2685 3209 fi
2717 3121 3144 3236 imperitia
3188 3124 3280 3212 ὅτ
3332 3131 3543 3217 ado-

577 3250 979 3343 lescentia
1049 3254 1408 3343 iucundi
1469 3252 1796 3369 aliquid
1861 3252 1954 3338 &
2028 3252 2258 3368 grati
2305 3252 2563 3341 ineffe
2618 3256 3073 3369 tyrannidi
3101 3318 3127 3362 ,
3187 3280 3291 3345 ac
3360 3282 3543 3347 non
3599 3274 3611 3283 ’
3674 3282 3689 3295 ·

575 3382 932 3491 summas
1007 3384 1531 3473 calamitates
1595 3384 1686 3471 &
1761 3380 2126 3473 miserias
2155 3450 2182 3491 ‚
2257 3397 2571 3499 putas3
2646 3386 2901 3501 plane
2942 3408 3175 3475 erras
3206 3454 3235 3495 ,
3308 3388 3401 3475 &
3448 3390 3543 3477 id

581 3517 932 3635 quidem
978 3514 1490 3631 ignorantia.
1602 3518 1886 3603 Deum
1923 3538 2142 3603 vero
2195 3540 2558 3630 precare
2589 3581 2616 3625 ‚
2665 3530 2771 3605 vt
2807 3541 2921 3607 ne
2956 3538 3345 3637 vnquam
3384 3534 3540 3637 ty·-

583 3648 1022 3743 rannicam
1057 3643 1506 3737 fortunam
1555 3647 2048 3764 experiaris.

1879 3856 1890 3863 ’
1943 3864 2010 3951 Β
3072 3860 3211 3947 m·
3263 3858 3537 3948 PAU-

584 4185 694 4253 59.
732 4170 865 4243 Πῶς
896 4169 1018 4251 γὰρ
1057 4172 1123 4241 οὖ
1145 4176 1358 4253 γελοῖοι
1409 4168 1524 4251 μὲν
1551 4167 1606 4237 οἵ
1633 4168 2020 4241 πλουτοῧπες
2101 4152 2312 4239 'Bm-m.
2373 4166 2441 4235 dt
2482 4164 2605 4237 Ed.
2662 4165 2828 4237 Ven.
2869 4166 3062 4238 verbo
3098 4164 3331 4249 εὔξαιτο
3364 4164 3535 4249 post·

581 4254 786 4333 οοῦτοὶ,
843 4254 944 4321 καὶ
995 4258 1112 4331 τὰς
1163 4256 1518 4340 πορφυρίδας
1570 4252 1982 4335 προφαίνοντες
1995 4298 2018 4325 ‚
2102 4251 2322 4337 posui:
3124 4333 3140 4350 .

523 4379 530 4388 -
581 4338 688 4403 καὶ
719 4338 852 4409 τοὺς
883 4339 1202 4414 δακτύλους
1241 4341 1624 4421 προτείνοντες
1646 4380 1670 4414 ,
1724 4336 1828 4403 καὶ
1873 4350 2021 4405 πολ·
2186 4356 2293 4417 47.
2336 4330 2489 4411 (σος
2516 4337 2683 4417 ἀξίου
2712 4340 2901 4433 πᾶσιν
2924 4332 3107 4434 εἶναι]
3120 4354 3163 4399 ι.
3175 4351 3233 4399 e.
3247 4330 3452 4417 Cane,
3467 4348 3539 4401 vt

585 4420 698 4495 λὺν
729 4428 1179 4499 κατηγοροῦντες
1219 4424 1664 4503 ἀπειροκαλίας
2103 4419 2487 4505 tyrannidem
2534 4436 2731 4497 neque
2776 4432 3017 4497 patiaris
3041 4466 3067 4501 ‚
3120 4434 3319 4495 neque
3364 4436 3538 4483 exer-

670 4516 779 4579 41.
821 4506 1245 4579 Τυροιννηθῆναι
1272 4511 1510 4585 μᾶλλον
1563 4504 1797 4581 εὔξαιτο
1840 4500 1948 4583 ἂν,
1979 4502 2018 4578 ἢ
2101 4522 2273 4581 ceas3
2327 4499 2433 4566 sed
2477 4502 2541 4564 in
2579 4499 2949 4567 democratia
2990 4502 3161 4567 viuas
3185 4546 3207 4578 .,
3261 4499 3368 4563 vbi
3400 4520 3537 4565 om·

577 4580 686 4669 ιη]
741 4581 1052 4681 διοὸαοω·
1075 4584 1267 4650 serm.
1294 4582 1562 4653 XLVII.
1602 4602 1668 4667 Ρ.
1713 4602 1860 4693 3οξ5.
1915 4584 2020 4651 vbi
2103 4606 2212 4652 nes
2261 4584 2531 4728 aequalis
2548 4578 2707 4681 sorte
2744 4600 3009 4694 Ynmtur.
3042 4578 3309 4651 BOYL.
3339 4580 3535 4681 ‘Paulo

583 4662 754 4825 '33:²2
775 4662 1491 4847 {aminnias
1505 4670 2016 4848 aga-,stim
2093 4670 2477 4817 rw
2486 4664 3535 4836 ‚·⁰1‘152d5⁰if⁰1⁹3{2⁶x‡;g1?¹}{²3.⁰.:2.·

581 4858 686 4906 w,
750 4831 918 4910 quod
965 4832 1174 4899 omnia
1224 4852 1290 4895 m
1336 4846 1509 4897 tertia
1525 4828 1782 4911 persona
1804 4834 1906 4909 hic
1926 4836 2015 4898 le·
2096 4832 2313 4911 reliqui
2361 4850 2501 4896 cum
2558 4832 2736 4900 editis
2800 4836 3028 4901 habent
3086 4830 3534 4915 ἐμφρονέστερον

587 4929 829 5005 guntm-
869 4917 946 4985 ἂν
995 4914 1163 4985 ‘cum
1233 4913 1435 4987 Codd.
1511 4912 1716 5003 Lugd.
1790 4916 1880 4985 A.
1935 4914 2014 4987 Β.
2093 4918 2440 4998 δεξάμενος,
2472 4942 2525 4986 κ.
2550 4943 2611 4985 τ.
2638 4935 2699 4985 λ.
